@TECHREPORT{kepler_whitepaper,
        AUTHOR =        {NVIDIA, Corp.},
        TITLE =         {NVIDIAâ€™s Next Generation CUDA\texttrademark\ Compute Architecture: Kepler\texttrademark\ GK110/210},
        NUMBER =        {v1.1},
        YEAR  =         {2014},
        URL   =         {http://images.nvidia.com/content/pdf/tesla/NVIDIA-Kepler-GK110-GK210-Architecture-Whitepaper.pdf}
}
@misc{cuda,
        title={{CUDA C} {Programming} {Guide} v8.0},
        author={Corporation, NVIDIA},
        year={2016},
        publisher={September}
}
@article{giles2012op2,
  title={OP2 Airfoil Example},
  author={Giles, Mike and Mudalige, Gihan and Reguly, Istv{\'a}n},
  year={2012}
}

@inproceedings{akamine2012reconfigurable,
  title={Reconfigurable out-of-order mechanism generator for unstructured grid computation in computational fluid dynamics},
  author={Akamine, Takayuki and Inakagata, Kenta and Osana, Yasunori and Fujita, Naoyuki and Amano, Hideharu},
  booktitle={Field Programmable Logic and Applications (FPL), 2012 22nd International Conference on},
  pages={136--142},
  year={2012},
  organization={IEEE}
}

@article{jin1999openmp,
  title={The OpenMP implementation of NAS parallel benchmarks and its performance},
  author={Jin, Hao-Qiang and Frumkin, Michael and Yan, Jerry},
  year={1999}
}

@article{mavriplis2002parallel,
  title={Parallel performance investigations of an unstructured mesh Navier-Stokes solver},
  author={Mavriplis, Dimitri J},
  journal={The International Journal of High Performance Computing Applications},
  volume={16},
  number={4},
  pages={395--407},
  year={2002},
  publisher={Sage Publications Sage UK: London, England}
}

@Manual{OpenFoamUserGuide, 
Title = {Open{FOAM} - {T}he {O}pen {S}ource {CFD} {T}oolbox - 
{U}ser's {G}uide}, 
Author = {OpenCFD}, 
Organization = {OpenCFD Ltd.}, 
Address = {United Kingdom}, 
Edition = {1.4}, 
month = {11 } # apr, 
year = 2007 
} 

@article{biedron2017fun3d,
  title={FUN3D Manual: 13.1},
  author={Biedron, Robert T and Carlson, Jan-Rene{\'e} and Derlaga, Joseph M and Gnoffo, Peter A and Hammond, Dana P and Jones, William T and Kleb, Bil and Lee-Rausch, Elizabeth M and Nielsen, Eric J and Park, Michael A and others},
  year={2017}
}

@article{moinier2002edge,
  title={Edge-based multigrid and preconditioning for hybrid grids},
  author={Moinier, Pierre and Muller, JD and Giles, Michael B},
  journal={AIAA journal},
  volume={40},
  number={10},
  pages={1954--1960},
  year={2002},
  publisher={AMERICAN INST OF AERONAUTICS AND ASTRONAUTICS}
}


@article{gps,
doi     = {10.2307/2156090},
title   = {An Algorithm for Reducing the Bandwidth and Profile of a Sparse Matrix},
author  = {Norman E. Gibbs, William G. Poole, Jr. and Paul K. Stockmeyer},
publisher       = {Society for Industrial and Applied Mathematics},
journal = {SIAM Journal on Numerical Analysis},
issnp   = {0036-1429},
year    = {1976},
month   = {04},
volume  = {13},
issue   = {2},
page    = {236--250},
}
@inproceedings{op2,
  title={OP2: An active library framework for solving unstructured mesh-based applications on multi-core and many-core architectures},
  author={Mudalige, GR and Giles, MB and Reguly, I and Bertolli, C and Kelly, PHJ},
  booktitle={Innovative Parallel Computing (InPar), 2012},
  pages={1--12},
  year={2012},
  organization={IEEE}
}
@article{metis,
  title={A fast and high quality multilevel scheme for partitioning irregular graphs},
  author={Karypis, George and Kumar, Vipin},
  journal={SIAM Journal on scientific Computing},
  volume={20},
  number={1},
  pages={359--392},
  year={1998},
  publisher={SIAM}
}

@article{parmetis,
  title={Parmetis: Parallel graph partitioning and sparse matrix ordering library},
  author={Karypis, George and Schloegel, Kirk and Kumar, Vipin},
  journal={Version 1.0, Dept. of Computer Science, University of Minnesota},
  year={1997}
}

@inproceedings{mtmetis,
  title={Efficient nested dissection for multicore architectures},
  author={LaSalle, Dominique and Karypis, George},
  booktitle={European Conference on Parallel Processing},
  pages={467--478},
  year={2015},
  organization={Springer}
}

@inproceedings{scotch,
  title={Scotch: A software package for static mapping by dual recursive bipartitioning of process and architecture graphs},
  author={Pellegrini, Fran{\c{c}}ois and Roman, Jean},
  booktitle={High-Performance Computing and Networking},
  pages={493--498},
  year={1996},
  organization={Springer}
}
@misc{op2-repo,
  title = {{OP2 github repository}},
  howpublished = {\url{https://github.com/OP2/OP2-Common}}
}
@article{dutykh2011volna,
  title={The VOLNA code for the numerical modeling of tsunami waves: Generation, propagation and inundation},
  author={Dutykh, Denys and Poncet, Rapha{\"e}l and Dias, Fr{\'e}d{\'e}ric},
  journal={European Journal of Mechanics-B/Fluids},
  volume={30},
  number={6},
  pages={598--615},
  year={2011},
  publisher={Elsevier}
}
@misc{uk-mac,
  title = {{Uk mini-app consortium}},
  howpublished = {\url{https://uk-mac.github.io}}
}
@techreport{heroux2009improving,
title={{Improving Performance via Mini-applications}},
author={Heroux, Michael A and Doerfler, Douglas W and Crozier, Paul S and Willenbring, James M and Edwards, H Carter and Williams, Alan and Rajan, Mahesh and Keiter, Eric R and Thornquist, Heidi K and Numrich, Robert W},
institution={Sandia National Laboratories},
number = {SAND2009-5574},
year={2009}
}
@misc{miniaero,
  title = {{miniAero CFD Mini-Application}},
  howpublished = {\url{https://github.com/Mantevo/miniAero}}
}
@article{CarterEdwards20143202,
title = "Kokkos: Enabling manycore performance portability through polymorphic memory access patterns ",
journal = "Journal of Parallel and Distributed Computing ",
volume = "74",
number = "12",
pages = "3202 - 3216",
year = "2014",
note = "Domain-Specific Languages and High-Level Frameworks for High-Performance Computing ",
issn = "0743-7315",
doi = "https://doi.org/10.1016/j.jpdc.2014.07.003",
url = "http://www.sciencedirect.com/science/article/pii/S0743731514001257",
author = "H. Carter Edwards and Christian R. Trott and Daniel Sunderland"
}

@techreport{LULESH2:changes,
author = {Ian Karlin and Jeff Keasler and Rob Neely},
title = {LULESH 2.0 Updates and Changes},number = {LLNL-TR-641973},
location = {Livermore, CA},
pages = {1-9},
year = {2013},
month = {August}
}

@techreport{LULESH:spec,
title = {{H}ydrodynamics {C}hallenge {P}roblem, {L}awrence {L}ivermore {N}ational {L}aboratory},
number = {LLNL-TR-490254},
location = {Livermore, CA},
pages = {1-17}
}
@TECHREPORT{Pascal_whitepaper,
	AUTHOR =        {NVIDIA, Corp.},
	TITLE =         {NVIDIA Tesla P100},
	NUMBER =        {v01.1},
	YEAR  =         {2016},
	URL   =         {https://images.nvidia.com/content/pdf/tesla/whitepaper/pascal-architecture-whitepaper.pdf}
}

@online{Volta_whitepaper,
	AUTHOR =        {NVIDIA, Corp.},
  TITLE = {NVIDIA TESLA V100 GPU ARCHITECTURE},
  YEAR = {2017},
  URL = {https://images.nvidia.com/content/volta-architecture/pdf/volta-architecture-whitepaper.pdf}
}


inproceedings{wu2013complexity,
  title={Complexity analysis and algorithm design for reorganizing data to minimize non-coalesced memory accesses on gpu},
  author={Wu, Bo and Zhao, Zhijia and Zhang, Eddy Zheng and Jiang, Yunlian and Shen, Xipeng},
  booktitle={ACM SIGPLAN Notices},
  volume={48},
  number={8},
  pages={57--68},
  year={2013},
  organization={ACM}
}
@inproceedings{wu2013complexity,
  title={Complexity analysis and algorithm design for reorganizing data to minimize non-coalesced memory accesses on gpu},
  author={Wu, Bo and Zhao, Zhijia and Zhang, Eddy Zheng and Jiang, Yunlian and Shen, Xipeng},
  booktitle={ACM SIGPLAN Notices},
  pages={57--68},
  year={2013},
  organization={ACM}
}

@article{nagy2014accelerating,
  title={Accelerating unstructured finite volume computations on field-programmable gate arrays},
  author={Nagy, Zolt{\'a}n and Nemes, Csaba and Hiba, Antal and Cs{\'\i}k, {\'A}rp{\'a}d and Kiss, Andr{\'a}s and Ruszink{\'o}, Mikl{\'o}s and Szolgay, P{\'e}ter},
  journal={Concurrency and Computation: Practice and Experience},
  volume={26},
  number={3},
  pages={615--643},
  year={2014},
  publisher={Wiley Online Library}
}

@article{niftysim,
  title={NiftySim: A GPU-based nonlinear finite element package for simulation of soft tissue biomechanics},
  author={Johnsen, Stian F and Taylor, Zeike A and Clarkson, Matthew J and Hipwell, John and Modat, Marc and Eiben, Bjoern and Han, Lianghao and Hu, Yipeng and Mertzanidou, Thomy and Hawkes, David J and others},
  journal={International journal of computer assisted radiology and surgery},
  volume={10},
  number={7},
  pages={1077--1095},
  year={2015},
  publisher={Springer}
}

@article{shallow_water,
  title={GPU computing for shallow water flow simulation based on finite volume schemes},
  author={Castro, Manuel J and Ortega, Sergio and De la Asuncion, Marc and Mantas, Jos{\'e} M and Gallardo, Jos{\'e} M},
  journal={Comptes Rendus M{\'e}canique},
  volume={339},
  number={2-3},
  pages={165--184},
  year={2011},
  publisher={Elsevier}
}

inproceedings{devito2011liszt,
  title={Liszt: a domain specific language for building portable mesh-based PDE solvers},
  author={DeVito, Zachary and Joubert, Niels and Palacios, Francisco and Oakley, Stephen and Medina, Montserrat and Barrientos, Mike and Elsen, Erich and Ham, Frank and Aiken, Alex and Duraisamy, Karthik and others},
  booktitle={Proceedings of 2011 International Conference for High Performance Computing, Networking, Storage and Analysis},
  pages={9},
  year={2011},
  organization={ACM}
}

@article{huthwaite2014accelerated,
  title={Accelerated finite element elastodynamic simulations using the GPU},
  author={Huthwaite, Peter},
  journal={Journal of Computational Physics},
  volume={257},
  pages={687--707},
  year={2014},
  publisher={Elsevier}
}

@article{fu2014architecting,
  title={Architecting the finite element method pipeline for the GPU},
  author={Fu, Zhisong and Lewis, T James and Kirby, Robert M and Whitaker, Ross T},
  journal={Journal of computational and applied mathematics},
  volume={257},
  pages={195--211},
  year={2014},
  publisher={Elsevier}
}

@article{dziekonski2014gpu,
  title={GPU-Accelerated Finite-Element Matrix Generation for Lossless, Lossy, and Tensor Media [EM Programmer's Notebook]},
  author={Dziekonski, Adam and Sypek, Piotr and Lamecki, Adam and Mrozowski, Michal},
  journal={IEEE Antennas and Propagation Magazine},
  volume={56},
  number={5},
  pages={186--197},
  year={2014},
  publisher={IEEE}
}

@article{remacle2016gpu,
  title={GPU accelerated spectral finite elements on all-hex meshes},
  author={Remacle, J-F and Gandham, R and Warburton, Tim},
  journal={Journal of Computational Physics},
  volume={324},
  pages={246--257},
  year={2016},
  publisher={Elsevier}
}

@misc{libocca,
  title={{OCCA}},
  howpublished={\url{http://libocca.org/}},
}

@inproceedings{devito2011liszt,
  title={Liszt: a domain specific language for building portable mesh-based PDE solvers},
  author={DeVito, Zachary and Joubert, Niels and Palacios, Francisco and Oakley, Stephen and Medina, Montserrat and Barrientos, Mike and Elsen, Erich and Ham, Frank and Aiken, Alex and Duraisamy, Karthik and others},
  booktitle={Proceedings of 2011 International Conference for High Performance Computing, Networking, Storage and Analysis},
  pages={9},
  year={2011},
  organization={ACM}
}
